% Sample references 

@article{kramers1925streuung,
  title={{\"U}ber die streuung von strahlung durch atome},
  author={Kramers, Hendrik A and Heisenberg, Werner},
  journal={Zeitschrift f{\"u}r Physik},
  volume={31},
  number={1},
  pages={681--708},
  year={1925},
  publisher={Springer}
}

@book{stohr2023nature,
  title={The nature of X-rays and their interactions with matter},
  author={St{\"o}hr, Joachim},
  number={PUBDB-2024-05989},
  year={2023},
  publisher={Springer}
}

@article{born_oppenheimer1927,
author = {Born, M. and Oppenheimer, R.},
title = {Zur Quantentheorie der Molekeln},
journal = {Annalen der Physik},
volume = {389},
number = {20},
pages = {457-484},
doi = {https://doi.org/10.1002/andp.19273892002},
url = {https://onlinelibrary.wiley.com/doi/abs/10.1002/andp.19273892002},
eprint = {https://onlinelibrary.wiley.com/doi/pdf/10.1002/andp.19273892002},
year = {1927}
}

@article{dirac1927quantizationEM,
author = {Dirac, Paul Adrien Maurice },
title = {The quantum theory of the emission and absorption of radiation},
journal = {Proceedings of the Royal Society of London. Series A, Containing Papers of a Mathematical and Physical Character},
volume = {114},
number = {767},
pages = {243-265},
year = {1927},
doi = {10.1098/rspa.1927.0039},

URL = {https://royalsocietypublishing.org/doi/abs/10.1098/rspa.1927.0039},
eprint = {https://royalsocietypublishing.org/doi/pdf/10.1098/rspa.1927.0039}
}

@article{fermi1932,
  title = {Quantum Theory of Radiation},
  author = {Fermi, Enrico},
  journal = {Rev. Mod. Phys.},
  volume = {4},
  issue = {1},
  pages = {87--132},
  numpages = {0},
  year = {1932},
  month = {Jan},
  publisher = {American Physical Society},
  doi = {10.1103/RevModPhys.4.87},
  url = {https://link.aps.org/doi/10.1103/RevModPhys.4.87}
}

@article{henke1993x,
  title={X-ray interactions: photoabsorption, scattering, transmission, and reflection at E= 50-30,000 eV, Z= 1-92},
  author={Henke, Burton L and Gullikson, Eric M and Davis, John C},
  journal={Atomic data and nuclear data tables},
  volume={54},
  number={2},
  pages={181--342},
  year={1993},
  publisher={Elsevier}
}

@article{kotani2001resonant,
  title={Resonant inelastic x-ray scattering spectra for electrons in solids},
  author={Kotani, Akio and Shin, Shik},
  journal={Reviews of Modern Physics},
  volume={73},
  number={1},
  pages={203},
  year={2001},
  publisher={APS}
}

@article{heisenberg1927anschaulichen,
  title={{\"U}ber den anschaulichen Inhalt der quantentheoretischen Kinematik und Mechanik},
  author={Heisenberg, Werner},
  journal={Zeitschrift f{\"u}r Physik},
  volume={43},
  number={3},
  pages={172--198},
  year={1927},
  publisher={Springer}
}

@article{bergman2007c,
  title={C--H activation},
  author={Bergman, Robert G},
  journal={Nature},
  volume={446},
  number={7134},
  pages={391--393},
  year={2007},
  publisher={Nature Publishing Group UK London}
}

@article{negishi2011nobleprice,
author = {Negishi, Ei-ichi},
title = {Magical Power of Transition Metals: Past, Present, and Future (Nobel Lecture)},
journal = {Angewandte Chemie International Edition},
volume = {50},
number = {30},
pages = {6738-6764},
keywords = {carbometalation, cross-coupling, Negishi coupling, palladium},
doi = {https://doi.org/10.1002/anie.201101380},
url = {https://onlinelibrary.wiley.com/doi/abs/10.1002/anie.201101380},
eprint = {https://onlinelibrary.wiley.com/doi/pdf/10.1002/anie.201101380},
abstract = {Tools for chemists: The Nobel Prize in Chemistry 2010 was awarded for research on palladium-catalyzed cross-coupling in organic synthesis. Two of the Laureates, A. Suzuki and E. Negishi, report here first hand on the historical development and the current status of this research.},
year = {2011}
}

@article{suzuki2011noble,
author = {Suzuki, Akira},
title = {Cross-Coupling Reactions Of Organoboranes: An Easy Way To Construct Cï£¿C Bonds (Nobel Lecture)},
journal = {Angewandte Chemie International Edition},
volume = {50},
number = {30},
pages = {6722-6737},
keywords = {cross-coupling, organoboranes, palladium, Suzuki coupling},
doi = {https://doi.org/10.1002/anie.201101379},
url = {https://onlinelibrary.wiley.com/doi/abs/10.1002/anie.201101379},
eprint = {https://onlinelibrary.wiley.com/doi/pdf/10.1002/anie.201101379},
abstract = {Tools for chemists: The Nobel Prize in Chemie 2010 was awarded for research on palladium-catalyzed cross-coupling in organic synthesis. Two of the Laureates, A. Suzuki and E. Negishi, report here first hand on the historical development and the current status of this research.},
year = {2011}
}


@misc{Nobleprice2010,
  author = {NoblePrize.org},
  title = {The Nobel Prize in Chemistry 2010},
  year = 2010,
  url = {https://www.nobelprize.org/prizes/chemistry/2010/summary/},
  urldate = {2025-09-03},
}

@article{rogge2021c,
  title={C--H activation},
  author={Rogge, Torben and Kaplaneris, Nikolaos and Chatani, Naoto and Kim, Jinwoo and Chang, Sukbok and Punji, Benudhar and Schafer, Laurel L and Musaev, Djamaladdin G and Wencel-Delord, Joanna and Roberts, Charis A and others},
  journal={Nature Reviews Methods Primers},
  volume={1},
  number={1},
  pages={43},
  year={2021},
  publisher={Nature Publishing Group UK London}
}

@article{dalton2021c,
  title={C--H activation: toward sustainability and applications},
  author={Dalton, Toryn and Faber, Teresa and Glorius, Frank},
  journal={ACS Central Science},
  volume={7},
  number={2},
  pages={245--261},
  year={2021},
  publisher={ACS Publications}
}

@article{labinger2002understanding,
  title={Understanding and exploiting C--H bond activation},
  author={Labinger, Jay A and Bercaw, John E},
  journal={Nature},
  volume={417},
  number={6888},
  pages={507--514},
  year={2002},
  publisher={Nature Publishing Group UK London}
}

@article{goldberg2017large,
  title={Large-scale selective functionalization of alkanes},
  author={Goldberg, Karen I and Goldman, Alan S},
  journal={Accounts of chemical research},
  volume={50},
  number={3},
  pages={620--626},
  year={2017},
  publisher={ACS Publications}
}

@article{arndtsen1995selective,
  title={Selective intermolecular carbon-hydrogen bond activation by synthetic metal complexes in homogeneous solution},
  author={Arndtsen, Bruce A and Bergman, Robert G and Mobley, T Andrew and Peterson, Thomas H},
  journal={Accounts of chemical research},
  volume={28},
  number={3},
  pages={154--162},
  year={1995},
  publisher={ACS Publications}
}

@book{Hartwig_book,
    author = {Hartwig, John F},
    title = {Organotransition Metal Chemistry: From Bonding To Catalysis},
    publisher = {University Science Books},
    year = {2009}
}

@article{hall1992matrix,
  title={Matrix isolation and transient photochemistry of ruthenium complex Ru (dmpe) 2H2: characterization and reactivity of Ru (dmpe) 2 (dmpe= Me2PCH2CH2PMe2)},
  author={Hall, Chris and Jones, William D and Mawby, Roger J and Osman, Robert and Perutz, Robin N and Whittlesey, Michael K},
  journal={Journal of the American Chemical Society},
  volume={114},
  number={19},
  pages={7425--7435},
  year={1992},
  publisher={ACS Publications}
}

@article{jones2003isotope,
  title={Isotope effects in C- H bond activation reactions by transition metals},
  author={Jones, William D},
  journal={Accounts of chemical research},
  volume={36},
  number={2},
  pages={140--146},
  year={2003},
  publisher={ACS Publications}
}

@incollection{crabtree1988hh,
  title={HH, CH, and related sigma-bonded groups as ligands},
  author={Crabtree, Robert H and Hamilton, Douglas G},
  booktitle={Advances in organometallic chemistry},
  volume={28},
  pages={299--338},
  year={1988},
  publisher={Elsevier}
}

@article{altus2021continuum,
  title={The continuum of carbon--hydrogen (C--H) activation mechanisms and terminology},
  author={Altus, Kristof M and Love, Jennifer A},
  journal={Communications Chemistry},
  volume={4},
  number={1},
  pages={173},
  year={2021},
  publisher={Nature Publishing Group UK London}
}

@article{hammarback2021direct,
  title={Direct observation of the microscopic reverse of the ubiquitous concerted metalation deprotonation step in C--H bond activation catalysis},
  author={Hammarback, L Anders and Aucott, Benjamin J and Bray, Joshua TW and Clark, Ian P and Towrie, Michael and Robinson, Alan and Fairlamb, Ian JS and Lynam, Jason M},
  journal={Journal of the American Chemical Society},
  volume={143},
  number={3},
  pages={1356--1364},
  year={2021},
  publisher={ACS Publications}
}

@article{bromberg1996ultrafast,
  title={Ultrafast Dynamics of Cp* M (CO) 2 (M= Ir, Rh) in Solution: The Origin of the Low Quantum Yields for C- H Bond Activation},
  author={Bromberg, Steven E and Lian, Tianquan and Bergman, Robert G and Harris, Charles B},
  journal={Journal of the American Chemical Society},
  volume={118},
  number={8},
  pages={2069--2072},
  year={1996},
  publisher={ACS Publications}
}

@article{lian1996femtosecond,
  title={Femtosecond infrared studies of the dissociation and dynamics of transition metal carbonyls in solution},
  author={Lian, Tianquan and Bromberg, Steven E and Asplund, Matthew C and Yang, Haw and Harris, CB},
  journal={The Journal of Physical Chemistry},
  volume={100},
  number={29},
  pages={11994--12001},
  year={1996},
  publisher={ACS Publications}
}

@article{bromberg1997mechanism,
  title={The mechanism of a CH bond activation reaction in room-temperature alkane solution},
  author={Bromberg, Steven E and Yang, Haw and Asplund, Matthew C and Lian, T and McNamara, BK and Kotz, KT and Yeston, JS and Wilkens, M and Frei, H and Bergman, Robert G and others},
  journal={Science},
  volume={278},
  number={5336},
  pages={260--263},
  year={1997},
  publisher={American Association for the Advancement of Science}
}

@article{ball2007delicate,
  title={A delicate balance of complexation vs. activation of alkanes interacting with [Re (Cp)(CO)(PF3)] studied with NMR and time-resolved IR spectroscopy},
  author={Ball, Graham E and Brookes, Christopher M and Cowan, Alexander J and Darwish, Tamim A and George, Michael W and Kawanami, Hajime K and Portius, Peter and Rourke, Jonathan P},
  journal={Proceedings of the National Academy of Sciences},
  volume={104},
  number={17},
  pages={6927--6932},
  year={2007},
  publisher={National Academy of Sciences}
}

@article{bernskoetter2009characterization,
  title={Characterization of a rhodium (I) $\sigma$-methane complex in solution},
  author={Bernskoetter, Wesley H and Schauer, Cynthia K and Goldberg, Karen I and Brookhart, Maurice},
  journal={Science},
  volume={326},
  number={5952},
  pages={553--556},
  year={2009},
  publisher={American Association for the Advancement of Science}
}

@article{watson2022binding,
  title={Binding methane to a metal centre},
  author={Watson, James D and Field, Leslie D and Ball, Graham E},
  journal={Nature Chemistry},
  volume={14},
  number={7},
  pages={801--804},
  year={2022},
  publisher={Nature Publishing Group UK London}
}

@article{pike2015solid,
  title={Solid-state synthesis and characterization of $\sigma$-alkane complexes,[Rh (L2)($\eta$2, $\eta$2-C7H12)][BArF4](L2= bidentate chelating phosphine)},
  author={Pike, Sebastian D and Chadwick, F Mark and Rees, Nicholas H and Scott, Mark P and Weller, Andrew S and Kraemer, Tobias and Macgregor, Stuart A},
  journal={Journal of the American Chemical Society},
  volume={137},
  number={2},
  pages={820--833},
  year={2015},
  publisher={ACS Publications}
}

@article{chadwick2016selective,
  title={Selective C--H activation at a molecular rhodium sigma-alkane complex by solid/gas single-crystal to single-crystal H/D exchange},
  author={Chadwick, F Mark and Kraemer, Tobias and Gutmann, Torsten and Rees, Nicholas H and Thompson, Amber L and Edwards, Alison J and Buntkowsky, Gerd and Macgregor, Stuart A and Weller, Andrew S},
  journal={Journal of the American Chemical Society},
  volume={138},
  number={40},
  pages={13369--13378},
  year={2016},
  publisher={ACS Publications}
}

@article{evans1997heptane,
  title={Heptane coordination to an iron (II) porphyrin},
  author={Evans, Daniel R and Drovetskaya, Tatiana and Bau, Robert and Reed, Christopher A and Boyd, Peter DW},
  journal={Journal of the American Chemical Society},
  volume={119},
  number={15},
  pages={3633--3634},
  year={1997},
  publisher={ACS Publications}
}

@article{gyton2025operationally,
  title={An operationally unsaturated iridium-pincer complex that C--H activates methane and ethane in the crystalline solid-state},
  author={Gyton, Matthew R and Sajjad, M Arif and Storm, Daniel J and Altus, Kristof M and Goodall, Joe C and Johnson, Chloe L and Page, Samuel J and Edwards, Alison J and Piltz, Ross O and Duckett, Simon B and others},
  journal={Journal of the American Chemical Society},
  volume={147},
  number={10},
  pages={8706--8719},
  year={2025},
  publisher={ACS Publications}
}

@article{bengali1994activation,
  title={Activation of the CH Bonds in Neopentane and Neopentane-d12 by (. eta. 5-C5 (CH3) 5) Rh (CO) 2: Spectroscopic and Temporal Resolution of Rhodium-Krypton and Rhodium-Alkane Complex Intermediates},
  author={Bengali, AA and Schultz, Richard H and Moore, C Bradley and Bergman, Robert G},
  journal={Journal of the American Chemical Society},
  volume={116},
  number={21},
  pages={9585--9589},
  year={1994},
  publisher={ACS Publications}
}

@article{schultz1994ir,
  title={Ir Flash Kinetic Spectroscopy of CH Bond Activation of Cyclohexane-D0 and-D12 by Cp* Rh (CO) 2 in Liquid Rare Gases: Kinetics, Thermodynamics, and Unusual Isotope Effect},
  author={Schultz, Richard H and Bengali, AA and Tauber, MJ and Weiller, Bruce H and Wasserman, Eric P and Kyle, KR and Moore, C Bradley and Bergman, Robert G},
  journal={Journal of the American Chemical Society},
  volume={116},
  number={16},
  pages={7369--7377},
  year={1994},
  publisher={ACS Publications}
}

@article{fairlamb2024unveiling,
  title={Unveiling Mechanistic Complexity in Manganese-Catalyzed C--H Bond Functionalization Using IR Spectroscopy Over 16 Orders of Magnitude in Time},
  author={Fairlamb, Ian JS and Lynam, Jason M},
  journal={Accounts of Chemical Research},
  volume={57},
  number={6},
  pages={919--932},
  year={2024},
  publisher={ACS Publications}
}

@book{atkins2011molecular,
  title={Molecular quantum mechanics},
  author={Atkins, Peter W and Friedman, Ronald S},
  year={2011},
  publisher={Oxford university press}
}

@book{albright2013orbital,
  title={Orbital interactions in chemistry},
  author={Albright, Thomas A and Burdett, Jeremy K and Whangbo, Myung-Hwan},
  year={2013},
  publisher={John Wiley \& Sons}
}

@article{saillard1984carbon,
  title={Carbon-hydrogen and hydrogen-hydrogen activation in transition metal complexes and on surfaces},
  author={Saillard, Jean Yves and Hoffmann, Roald},
  journal={Journal of the American Chemical Society},
  volume={106},
  number={7},
  pages={2006--2026},
  year={1984},
  publisher={ACS Publications}
}

@book{szabo1996modern,
  title={Modern quantum chemistry: introduction to advanced electronic structure theory},
  author={Szabo, Attila and Ostlund, Neil S},
  year={1996},
  publisher={Courier Corporation}
}

@book{jensen2017introduction,
  title={Introduction to computational chemistry},
  author={Jensen, Frank},
  year={2017},
  publisher={John wiley \& sons}
}

@article{RevModPhys.23.69,
  title = {New Developments in Molecular Orbital Theory},
  author = {Roothaan, C. C. J.},
  journal = {Rev. Mod. Phys.},
  volume = {23},
  issue = {2},
  pages = {69--89},
  numpages = {0},
  year = {1951},
  month = {Apr},
  publisher = {American Physical Society},
  doi = {10.1103/RevModPhys.23.69},
  url = {https://link.aps.org/doi/10.1103/RevModPhys.23.69}
}
